
@Article{J.C.Lozano,
  author = 	 "J. C. Lozano",
  title = 	 "Bacterial Blight of Cassava",
  journal =	 "IBM Journal of Research and Development",
  year =	 "2009",
  pages =	 "38--43"
}

@misc{fundament,
  title = {CASSAVA BROWN STREAK DISEASE: CONTROL MEASURES, UGANDA},
  author = {National Crops Resources Research Institute (NaCRRI)
Namulonge, Kampala Uganda},
  note  =  {\url{http://www.fao.org/3/CA2940EN/ca2940en.pdf}},
  note = {Accessed: 14-1-2020},
}

@misc{fundament1,
  title = {Cassava green mottle (068)},
  author = {Pacific Pests and Pathogens},
  note  =  {\url{https://www.pestnet.org/fact_sheets/cassava_green_mottle_068.htm}},
  note = {Accessed: 14-1-2020},
}

@misc{fundament2,
  title = {Cassava green mottle (068)},
  author = {Pacific Pests and Pathogens},
  note  =  {\url{https://www.pestnet.org/fact_sheets/cassava_green_mottle_068.htm}},
  note = {Accessed: 14-1-2020},
}

@article{cmd,
  author = {Olufemi J. Alabi and P. Lava Kumar and Rayapati A. Naidu},
  year = {2011},
  title = {Cassava Mosaic Disease: A Curse to Food Security in Sub-Saharan Africa}
}
